% https://books.google.com.br/books/about/Sistemas_de_banco_de_dados.html?hl=pt-BR&id=tylQGgAACAAJ
@book{navathe,
  title={Sistemas de banco de dados},
  author={Elmasri, R. and Navathe, S.B.},
  isbn={9788588639171},
  url={https://books.google.com.br/books?id=tylQGgAACAAJ},
  year={2005},
  publisher={ADDISON WESLEY BRA}
}


% https://books.google.com.br/books/about/Sistemas_de_gerenciamento_de_banco_de_da.html?hl=pt-PT&id=COUJpkH5v38C
@book{ramakrishnan,
  title={Sistemas de gerenciamento de banco de dados - 3.ed.: },
  author={Ramakrishnan, R. and Gehrke, J.},
  isbn={9788563308771},
  url={https://books.google.com.br/books?id=COUJpkH5v38C},
  year={2008},
  publisher={McGraw Hill Brasil}
}


% https://books.google.com.br/books/about/Sistema_de_banco_de_dados.html?hl=pt-PT&id=Bn7_GAAACAAJ
@book{sudarshan,
  title={Sistema de bancos de dados},
  author={Silberschatz, A. and Korth, H.F. and Sudarshan, S.},
  isbn={9788534610735},
  url={https://books.google.com.br/books?id=JXHFAAAACAAJ},
  year={1999},
  publisher={Makron Books}
}

% http://wr.informatik.uni-hamburg.de/_media/teaching/wintersemester_2013_2014/epc-14-haase-svenhendrik-alignmentinc-paper.pdf
@TECHREPORT{haase,
  AUTHOR =        {Sven-Hendrik Haase},
  TITLE =         {Alignment in C},
  NUMBER =        {},
  INSTITUTION =   {Universit\"at Hamburg},
  ADDRESS =       {},
  ABSTRACT =      {},
  KEYWORDS =      {seminar, effiziente Programmierung in c},
  NOTE =          {},
  MONTH =         {September},
  YEAR  =         {2014},
  AUTHOR1_URL =   {},
  AUTHOR1_EMAIL = {},
  AUTHOR1_URL =   {},
  PAGES =         {3},
  FILE  =         {},
  URL   =         {http://wr.informatik.uni-hamburg.de/_media/teaching/wintersemester_2013_2014/epc-14-haase-svenhendrik-alignmentinc-paper.pdf},
  CONTACT =       {}
}